

@article{Bohm1985,
  author =        {B{\"o}hm, Corrado and Berarducci, Alessandro},
  journal =       {Theoretical Computer Science},
  pages =         {135--154},
  title =         {Automatic synthesis of typed {$\Lambda$}-programs on
                   term algebras},
  volume =        {39},
  year =          {1985},
  doi =           {10.1016/0304-3975(85)90135-5},
}

@inproceedings{Koopman2014,
  address =       {New York, NY, USA},
  author =        {Koopman, Pieter and Plasmeijer, Rinus and Jansen, Jan Martin},
  booktitle =     {Implementation and Application of Functional Languages (IFL)},
  publisher =     {Association for Computing Machinery},
  title =         {Church encoding of data types considered harmful for
                   implementations: Functional pearl},
  year =          {2014},
  doi =           {10.1145/2746325.2746330},
  isbn =          {9781450332842},
}

@inproceedings{Firsov2018,
  author =        {Firsov, Denis and Richard, Blair and Stump, Aaron},
  booktitle =     {Interactive Theorem Proving (ITP)},
  editor =        {Avigad, Jeremy and Mahboubi, Assia},
  pages =         {235--252},
  publisher =     {Springer, Cham},
  series =        {Lecture Notes in Computer Science},
  title =         {Efficient {Mendler}-style lambda-encodings in
                   {Cedille}},
  volume =        {10895},
  year =          {2018},
  doi =           {10.1007/978-3-319-94821-8_14},
}

@inproceedings{Reynolds1984,
  author =        {Reynolds, John C.},
  booktitle =     {Semantics of Data Types (SDT)},
  editor =        {Kahn, Gilles and MacQueen, David B. and
                   Plotkin, Gordon},
  pages =         {145--156},
  series =        {Lecture Notes in Computer Science},
  title =         {Polymorphism is not set-theoretic},
  volume =        {173},
  year =          {1984},
  doi =           {10.1007/3-540-13346-1_7},
}

@incollection{Pitts1987,
  author =        {Pitts, A. M.},
  booktitle =     {Category Theory and Computer Science},
  editor =        {Pitt, David H. and Poign{\'e}, Axel and
                   Rydeheard, David E.},
  pages =         {12--39},
  publisher =     {Springer, Berlin, Heidelberg},
  series =        {Lecture Notes in Computer Science},
  title =         {Polymorphism is set theoretic, constructively},
  volume =        {283},
  year =          {1987},
  doi =           {10.1007/3-540-18508-9_18},
  isbn =          {978-3-540-48006-8},
}

@article{Leivant1991,
  author =        {Leivant, Daniel},
  journal =       {Information and Computation},
  number =        {1},
  pages =         {93--113},
  title =         {Finitely stratified polymorphism},
  volume =        {93},
  year =          {1991},
  doi =           {10.1016/0890-5401(91)90053-5},
}

@book{Girard1989,
  author =        {Girard, Jean-Yves and Lafont, Yves and Taylor, Paul},
  number =        {7},
  publisher =     {Cambridge University Press},
  series =        {Cambridge Tracts in Theoretical Computer Science},
  title =         {Proofs and Types},
  year =          {1989},
}

@inproceedings{Wadler1989,
  address =       {New York, NY, USA},
  author =        {Wadler, Philip},
  booktitle =     {4th International Conference on Functional
                   Programming Languages and Computer Architecture
                   (FPCA)},
  pages =         {347--359},
  publisher =     {ACM Press},
  title =         {Theorems for free!},
  year =          {1989},
  doi =           {10.1145/99370.99404},
  isbn =          {0-89791-328-0},
}

